@book{Cormen:2009:IAT:1614191,
  author = {Cormen, Thomas H. and Leiserson, Charles E. and Rivest, Ronald L. and Stein, Clifford},
  title = {Introduction to Algorithms},
  year = {2009},
  isbn = {0262033844, 9780262033848},
  edition = {3rd},
  publisher = {The MIT Press},
} 

@book{FeebackSystems,
  title={Feedback Systems: An Introduction for Scientists and Engineers},
  author={Astr{\"o}m, K.J. and Murray, R.M.},
  isbn={9781400828739},
  url={https://books.google.pt/books?id=cdG9fNqTDS8C},
  year={2010},
  publisher={Princeton University Press}
}
